@incollection{ABOUDI201387,
	title = {Chapter 3 - Fundamentals of the Mechanics of Multiphase Materials},
	editor = {Jacob Aboudi and Steven M. Arnold and Brett A. Bednarcyk},
	booktitle = {Micromechanics of Composite Materials},
	publisher = {Butterworth-Heinemann},
	address = {Oxford},
	pages = {87-145},
	year = {2013},
	isbn = {978-0-12-397035-0},
	doi = {https://doi.org/10.1016/B978-0-12-397035-0.00003-3},
	url = {https://www.sciencedirect.com/science/article/pii/B9780123970350000033},
	author = {Jacob Aboudi and Steven M. Arnold and Brett A. Bednarcyk}
}
@book{Cowin1,
	Author = {Cowin, Sthepen },
	Publisher = {CRC Press},
	Title = {Bone Mechanics Handbook},
	pages = {10-9},
	Year = {2001},}

@book{Monesi,
	Author = {Monesi, V },
	Publisher = {Piccin},
	Title = {Istologia},
	pages = {270-280},
	Year = {2012},}

@Article{Ferguson:2003,
	author =   {Ferguson, Stephen J, and Thomas Steffen},
	title =    {Biomechanics of the aging spine},
	journal =      {European spine journal },
	year =     {2003},
	volume =   {12},
	pages =    {S97-S103},
}




@Article{Silva:1997,
	author =   {Silva, M. J. and Keaveny, T. M. and Hayes, W. C.},
	title =    {Load sharing between the shell and centrum in the lumbar vertebral body.},
	journal =      {Spine},
	year =     {1997},
	volume =   {22,2},
	pages =    {140-50},
}

@inproceedings{Doktor:2011,
	author = {Doktor, Tomáš and Valach, Jaroslav and Kytyr, Dan and Jiroušek, Ondřej},
	year = {2011},
	month = {01},
	pages = {115-118},
	title = {Pore Size Distribution of Human Trabecular Bone - Comparison of Intrusion Measurements with Image Analysis}
}




@Article{Keller:1989,
	author =  { Keller, T. S. and Hansson, T. H. and Abram, A. C. and Spengler, D. M. and Panjabi, M.},
	title =    {Regional variations in the compressive properties of lumbar vertebral trabeculae. Effects of disc degeneration.},
	journal =      {Spine},
	year =     {1989},
	volume =   {14},
	pages =    {1012-1019},
	}

@Article{Keller:1993,
	author =  { Keller, T. S. and Ziv, I., Moeljanto, E. and Spengler, D. },
	title =    { Interdependence of lumbar disc and subdiscal bone properties: a report of the normal and degenerated spine},
	journal =      {Journal of spinal disorders},
	year =     {1993},
	volume =   {6},
	pages =    {106-113},
}

  @Article{CC21,
	author =   {Cowin, Sthepen },
	title =    {Integrated Bone Tissue Physiology},
	journal =      {Bone Mechanics Handbook},
	year =     {2001},
	volume =   {1},
	pages =    {4-5},
}
  @Article{Hamed:2012,
	author =   {Hamed, Elham and Jasiuk, Iwona and Yoo, Andrew },
	title =    {Multi-scale modelling of elastic moduli of trabecular bone},
	journal =      {Soc. Interface.},
	year =     {2012},
	volume =   {9},
	pages =    {},
}


  @Article{Dalstra:93,
	author =   {Dalstra, M. and Huiskes, R. and Odgaard, A. and Van Erning, L.},
	title =    {Mechanical and textural properties of pelvic trabecular bone},
	journal =      {Journal of biomechanics},
	year =     {1993},
	volume =   {26},
	pages =    {523-35},
	url={https://doi.org/10.1016/0021-9290(93)90014-6},
}

  @Article{Wirtz:2000,
	author =   {Wirtz, D. C. and Schiffers, N. and Pandorf, T. and Radermacher, K. and Weichert, D. and Forst, R.},
	title =    {Critical evaluation of known bone material properties to realize anisotropic FE-simulation of the proximal femur},
	journal =      {Journal of biomechanics},
	year =     {2000},
	volume =   {33},
	pages =    {1325-30},
	url={https://doi.org/10.1016/s0021-9290(00)00069-5},
}

  @Article{Jansen:2015,
	author =   {Jansen, L. E. and Birch, N. P. and Schiffman, J. D. and Crosby, A. J. and Peyton, S. R.},
	title =    {Mechanics of intact bone marrow},
	journal =      {Journal of the mechanical behavior of biomedical materials},
	year =     {2015},
	volume =   {50},
	pages =    {299-307},
	url={https://doi.org/10.1016/j.jmbbm.2015.06.023},
}

 @Article{Mastrofini:21 ,
	author =      {Mastrofini, Alessandro},
	title=        {Image processing volumetrico su osso trabecolare},
	year =        {2021},
	journal =     {website},
	volume =   {},
	pages =    {},
	url={https://alessandromastrofini.it/image-volumetric-bone/},
}

  @Article{ESA:2005,
	author =   {Beller, Gisela and Burkhart, Markus and Felsenberg, Dieter and Gowin, Wolfgang and Hege, Hans-Christian and Koller, Bruno and Prohaska, Steffen and Saparin, Peter I. and Thomsen,  Jesper S.},
	title =    {Vertebral Body Data Set ESA29-99-L3},
	journal =      {},
	year =     {2005},
	volume =   {},
	pages =    {},
	url={http://bone3d.zib.de/data/2005/ESA29-99-L3/},
}



%

  @Article{citename,
	author =   {},
	title =    {},
	journal =      {},
	year =     {},
	volume =   {},
	pages =    {},
	url={},
}

%


@Book{Anderberg83,
   author =   {Anderberg, M. R.},
   title =    {Cluster Analysis for Applications},
   publisher =    {New York: Academic Press},
   year =     {1983},
 }

  @Manual{R:2010,
    title = {R: A Language and Environment for Statistical Computing},
    author = {{R Development Core Team}},
    organization = {Vienna, Austria: R Foundation for Statistical Computing},
    address = {},
    year = {2012},
    note = {{ISBN} 3-900051-07-0, http://www.R-project.org},
    url = {http://www.R-project.org},
  }

  @Manual{R:2008,
    title = {R: A Language and Environment for Statistical Computing},
    author = {{R Development Core Team}},
    organization = {R Foundation for Statistical Computing},
    address = {Vienna, Austria},
    year = {2008},
    note = {{ISBN} 3-900051-07-0},
    url = {http://www.R-project.org},
  }

  @Article{Arabie80,
   author =   {Arabie, P. and Carroll, J. D.},
   title =    {MAPCLUS: A mathematical programming approach to fitting the ADCLUS models},
   journal =      {Psychometrika},
   year =     {1980 },
   volume =   {445},
   pages =    {211-35},
 }





@book{Tufte:1983,
	Address = {Cheshire},
	Author = {E. R. Tufte},
	Publisher = {Graphics Press},
	Title = {{The Visual Display of Quantitative Information}},
	Year = {1983}}

@book{Cleveland:1994,
	Address = {Summit},
	Author = {W. S. Cleveland},
	Edition = {Revised},
	Publisher = {Hobart Press},
	Title = {{The Elements of Graphing Data}},
	Year = {1994}}

@book{Cleveland:1993,
	Address = {Summit},
	Author = {W. S. Cleveland},
	Publisher = {Hobart Press},
	Title = {{Vizualizing Data}},
	Year = {1993}}

 @TECHREPORT{Ball65 ,
   AUTHOR =       {Ball, G. H. and Hall, D. J. },
   TITLE =        {A novel method of data analysis and pattern classification },
   INSTITUTION =  {Stanford Research Institute, California },
   YEAR =         {1965 },
 }

 @Article{Banfield93,
   author =   {Banfield, J. D. and Raftery, A. E.},
   title =    {Model-Based Gaussian and Non-Gaussian Clustering },
   journal =      {Biometrics },
   year =     {1993 },
   volume =   {49},
   pages =    {803--21},
 }

 @Article{Beale69,
   author =   {Beale, E. M. L.},
   title =    {Euclidean cluster analysis },
   journal =      {Bulletin of the International Statistical Institute },
   year =     {1969 },
   volume =   {43},
   pages =    {92-94},
 }

 @Article{Bensmail,
   author =   {Bensmail, H. },
   title =    {Model-based Clustering with Noise: Bayesian inference and estimation },
 }

@Article{Bezdek74,
   author =   {Bezdek, J. C.},
   title =    {Numerical taxonomy with fuzzy sets},
   journal =      {Journal of Methematical Biology},
   year =     {1974},
   volume =   {1},
   pages =    {57-71},
 }

@article{Cox:1972,
	Author = {D. R. Cox},
	Journal = {J. R. Statist. Soc. {\rm B}},
	Pages = {187--220},
	Title = {{Regression models and life tables (with Discussion)}},
	Volume = {34},
	Year = {1972}}

@article{Hear:Holm:Step:quan:2006,
	Author = {Heard, Nicholas A. and Holmes, Christopher C. and Stephens, David A.},
	Journal = {J. Am. Statist. Assoc.},
	Keywords = {bayesian hierarchical clustering; gene expression profiles; Microarrays},
	Pages = {18--29},
	Title = {A Quantitative Study of Gene Regulation Involved in the Immune Response of {A}nopheline Mosquitoes: {A}n Application of {B}ayesian Hierarchical Clustering of Curves},
	Volume = {101},
	Year = {2006}}

@article{Fan:2004,
	Author = {Fan, J. and Peng, H.},
	Journal = {Ann. Statist.},
	Pages = {928--61},
	Title = {{Nonconcave penalized likelihood with a diverging number of parameters}},
	Volume = {32},
	Year = {2004}}